@article{Spigler2018AGeneralization,
    title = {{A jamming transition from under- to over-parametrization affects loss landscape and generalization}},
    year = {2018},
    author = {Spigler, Stefano and Geiger, Mario and d'Ascoli, Stéphane and Sagun, Levent and Biroli, Giulio and Wyart, Matthieu},
    month = {10},
    doi = {10.1088/1751-8121/ab4c8b},
    arxivId = {1810.09665}
}

@article{Neal2018ANetworks,
    title = {{A Modern Take on the Bias-Variance Tradeoff in Neural Networks}},
    year = {2018},
    author = {Neal, Brady and Mittal, Sarthak and Baratin, Aristide and Tantia, Vinayak and Scicluna, Matthew and Lacoste-Julien, Simon and Mitliagkas, Ioannis},
    month = {10},
    arxivId = {1810.08591}
}

@article{Nakkiran2019DeepHurt,
    title = {{Deep Double Descent: Where Bigger Models and More Data Hurt}},
    year = {2019},
    journal = {Journal of Statistical Mechanics: Theory and Experiment},
    author = {Nakkiran, Preetum and Kaplun, Gal and Bansal, Yamini and Yang, Tristan and Barak, Boaz and Openai, Ilya Sutskever},
    number = {12},
    month = {12},
    pages = {124003},
    volume = {2021},
    publisher = {IOP Publishing},
    url = {https://arxiv.org/abs/1912.02292v1},
    doi = {10.1088/1742-5468/ac3a74},
    arxivId = {1912.02292}
}

@article{Nakkiran2021DeepHurt,
    title = {{Deep double descent: where bigger models and more data hurt*}},
    year = {2021},
    journal = {Journal of Statistical Mechanics: Theory and Experiment},
    author = {Nakkiran, Preetum and Kaplun, Gal and Bansal, Yamini and Yang, Tristan and Barak, Boaz and Sutskever, Ilya},
    number = {12},
    month = {12},
    pages = {124003},
    volume = {2021},
    doi = {10.1088/1742-5468/ac3a74},
    issn = {1742-5468}
}

@incollection{Wemmert2021DeepAnalysis,
    title = {{Deep Learning for Histopathological Image Analysis}},
    year = {2021},
    booktitle = {Deep Learning for Biomedical Data Analysis},
    author = {Wemmert, Cédric and Weber, Jonathan and Feuerhake, Friedrich and Forestier, Germain},
    pages = {153--169},
    publisher = {Springer International Publishing},
    address = {Cham},
    doi = {10.1007/978-3-030-71676-9{\_}7}
}

@article{Belkin2021FitInterpolation,
    title = {{Fit without fear: remarkable mathematical phenomena of deep learning through the prism of interpolation}},
    year = {2021},
    journal = {Acta Numerica},
    author = {Belkin, Mikhail and Glu, Halicio˘},
    month = {5},
    pages = {203--248},
    volume = {30},
    publisher = {Cambridge University Press},
    url = {https://arxiv.org/abs/2105.14368v1},
    doi = {10.1017/S0962492921000039},
    issn = {14740508},
    arxivId = {2105.14368}
}

@article{Advani2017High-dimensionalNetworks,
    title = {{High-dimensional dynamics of generalization error in neural networks}},
    year = {2017},
    author = {Advani, Madhu S. and Saxe, Andrew M.},
    month = {10},
    arxivId = {1710.03667}
}

@article{Belkin2019ReconcilingTrade-off,
    title = {{Reconciling modern machine-learning practice and the classical bias–variance trade-off}},
    year = {2019},
    journal = {Proceedings of the National Academy of Sciences},
    author = {Belkin, Mikhail and Hsu, Daniel and Ma, Siyuan and Mandal, Soumik},
    number = {32},
    month = {8},
    pages = {15849--15854},
    volume = {116},
    doi = {10.1073/pnas.1903070116},
    issn = {0027-8424}
}

@article{Stephenson2021WhenHappens,
    title = {{When and how epochwise double descent happens}},
    year = {2021},
    author = {Stephenson, Cory and Lee, Tyler},
    month = {8},
    url = {https://arxiv.org/abs/2108.12006v1},
    arxivId = {2108.12006}
}